@article{lonardoni2018,
  title = {Auxiliary field diffusion Monte Carlo calculations of light and medium-mass nuclei with local chiral interactions},
  author = {Lonardoni, D. and Gandolfi, S. and Lynn, J. E. and Petrie, C. and Carlson, J. and Schmidt, K. E. and Schwenk, A.},
  journal = {Phys. Rev. C},
  volume = {97},
  issue = {4}, 
  pages = {044318},
  numpages = {21},
  year = {2018},
  month = {Apr},
  publisher = {American Physical Society},
  doi = {10.1103/PhysRevC.97.044318},
  url = {https://link.aps.org/doi/10.1103/PhysRevC.97.044318}
}

@article{chamel2015,
  title = {Neutron drip transition in accreting and nonaccreting neutron star crusts},
  author = {Chamel, N. and Fantina, A. F. and Zdunik, J. L. and Haensel, P.},
  journal = {Phys. Rev. C},
  volume = {91},
  issue = {5},
  pages = {055803},
  numpages = {10},
  year = {2015},
  month = {May},
  publisher = {American Physical Society},
  doi = {10.1103/PhysRevC.91.055803},
  url = {https://link.aps.org/doi/10.1103/PhysRevC.91.055803}
}
