@phdthesis{lynn2013,
  title = {Quantum {M}onte {C}arlo Calculations of Light Nuclei with Non-Local Potentials},
  author = {Joel E. Lynn},
  school = {Arizona State University},
  month = {April},
  year = {2013}
}

@phdthesis{zhang2014,
  title = {Spin Orbin Interactions in Nuclear Matter with Auxiliary Field Diffusion Monte Carlo},
  author = {Jie Zhang},
  school = {Arizona State University},
  month = {November},
  year = {2014}
}

@article{carlson1987,
  title = {Green's function Monte Carlo study of light nuclei},
  author = {J. Carlson},
  journal = {Phys. Rev. C},
  year = {1987},
  volume = {36},
  pages = {2026-2033}
}

@article{carlson2015,
  title = {Quantum {M}onte {C}arlo methods for nuclear physics},
  author = {J. Carlson and S. Gandolfi and F. Pederiva and Steven C. Pieper and R. Schiavilla and K.E. Schmidt and R.B. Wiringa},
  journal = {Rev. Mod. Phys.},
  year = {2015},
  volume = {87},
  pages = {1067}
}

@article{foulkes2001,
  title = {Quantum {M}onte {C}arlo simulations of solids},
  author = {W. M. C. Foulkes and L. Mitas and R. J. Needs and G. Rajagopal},
  journal = {Rev. Mod. Phys.},
  year = {2001},
  volume = {73},
  pages = {33-83},
  annote={This paper describes many aspects of VMC and DMC in terms of many-electron systems. It gives a good description of the branching or birth/death algorithm.}
}

@article{gandolfi2014,
  title = {From the lightest nuclei to the equation of state of symmetric nuclear matter with realistic nuclear interactions},
  author = {S. Gandolfi and A. Lovato and J. Carlson and Kevin E. Schmidt},
  journal = {Phys. Rev. C},
  year = {2014},
  volume = {90}
}

@article{yukawa1935,
  title = {On the Interaction of Elementary Particles. I.},
  author = {H. Yukawa},
  journal = {Proc. Phys. Math. Soc. Japan.},
  series={3},
  year = {1935},
  volume = {17},
  pages={48},
  annote={Yukawa's first paper publishing his theory for the strong interaction.}
}

@article{heiselberg2000,
  title = {Recent progresses in neutron star theory},
  author = {Henning Heiselberg and Vijay Pandharipande},
  journal = {Annu. Rev. Nucl. Part. Sci.},
  year = {2000},
  volume = {50},
  pages={481},
  annote={Neutron star theory.}
}

@article{lattimer2001,
  title = {Neutron star structure and the equation of state},
  author = {J. M. Lattimer and M. Prakash},
  journal = {Astrophys. J.},
  year = {2001},
  volume = {550},
  pages={426},
  annote={Neutron star structure.}
}

@article{lattimer2004,
  title = {The physics of neutron stars},
  author = {J. M. Lattimer and M. Prakash},
  journal = {Science},
  year = {2004},
  volume = {304},
  pages={536},
  annote={Neutron star structure.}
}

@article{lorenz1993,
  title = {Neutron Star Crusts},
  author = {C. P. Lorenz and D. G. Ravenhall and C. J. Pethick},
  journal = {Phys. Rev. Lett.},
  year = {1993},
  volume = {70},
  pages={379}
}

@article{dean2007,
  title = {Beyond the nuclear shell model},
  author = {David J. Dean},
  journal = {Physics today},
  year = {2007},
  volume = {60},
  pages={48}
}

@article{stone2003,
  title = {Nuclear matter and neutron-star properties calculated with the {S}kyrme interaction},
  author = {J. Rikovska Stone and J. C. Miller and R. Koncewicz and P. D. Stevenson and M. R. Strayer},
  journal = {Phys. Rev. C},
  year = {2003},
  volume = {68},
  annote={Calculates neutron star properties.}
}

@article{douchin2001,
  title = {A unified equation of state of dense matter and neutron star structure},
  author = {F. Douchin and P. Haensel},
  journal = {Astron. Astrophys.},
  year = {2001},
  volume = {380},
  pages={151},
  annote={This paper describes the EOS of neutron stars.}
}

@article{lattes1947,
  title = {Processes Involving Charged Mesons},
  author = {C. M. G. Lattes and H. Muirhead and G. P. S. Occhialini and C. F. Powell},
  journal = {Nature},
  year = {1947},
  volume = {159},
  pages={694-697},
  annote={Paper where exchange particles were called Pions.}
}

@article{kisslinger2016,
  title = {Review of {QCD}, Quark-Gluon Plasma, Heavy Quark Hybrids, and Heavy Quard State productino in p-p and {A-A} collisions},
  author = {Leonard S. Kisslinger and Debasish Das},
  journal = {Int. J. Mod. Phys. A},
  year = {2016},
  volume = {31},
  annote={This paper is a modern review of QCD.}
}

@article{gross1973,
  title = {Ultraviolet Behavior of Non-Abilian Gauge Theories},
  author = {David J. Gross and Frank Wilczek},
  journal = {Phys. Rev. Lett.},
  year = {1973},
  volume = {30},
  pages={1343},
  annote={This and the paper by Politzer in the same year introduce the idea of asymptotic freedom at low energies for QCD.}
}

@article{politzer1973,
  title = {Reliable Perturbative Results for Strong Interactions?},
  author = {H. David Politzer},
  journal = {Phys. Rev. Lett.},
  year = {1973},
  volume = {30},
  pages={1346},
  annote={This and the paper by Gross and Wilczek in the same year introduce the idea of asymptotic freedom at low energies for QCD.}
}

@article{kalos1962,
  title = {Monte {C}arlo Calculations of the Ground State of Three- and Four-Body Nuclei},
  author = {M. H. Kalos},
  journal = {Phys. Rev.},
  year = {1962},
  volume = {128},
  pages={1791},
  annote={This paper was the first paper that introduced GFMC.}
}

@article{navratil2009,
  author={Petr Navr√°til and Sofia Quaglioni and Ionel Stetcu and Bruce R Barrett},
  title={Recent developments in no-core shell-model calculations},
  journal={Journal of Physics G: Nuclear and Particle Physics},
  volume={36},
  number={8},
  pages={083101},
  url={http://stacks.iop.org/0954-3899/36/i=8/a=083101},
  year={2009}
  annote={No-core shell model.}
}

@article{schmidt1999,
  title = {A quantum {M}onte {C}arlo method for nucleon systems},
  author = {K. E. Schmidt and S. Fantoni},
  journal = {Phys. Lett. B},
  year = {1999},
  volume = {446},
  pages={99-103},
  annote={This paper was the first paper that introduced AFDMC.}
}

@article{slater1951,
  title = {A Simplification of the {H}artree-{F}ock Method},
  author = {J. C. Slater},
  journal = {Phys. Rev.},
  year = {1951},
  volume = {81},
  pages={385},
  annote={Paper that talks about the HF method.},
}

@article{jastrow1955,
  title = {Many-Body Problem with Strong Forces},
  author = {Robert Jastrow},
  journal = {Phys. Rev.},
  year = {1955},
  volume = {98},
  pages={1479},
  annote={Paper where the Jastrow correlation is introduced.},
}

@article{gandolfi2007,
  title = {Auxiliary Field Diffusion {M}onte {C}arlo Calculation of Nuclei with {$A \leq 40$} with Tensor Interactions},
  author = {S. Gandolfi and F. Pederiva and S. Fantoni and K.E. Schmidt},
  journal = {Phys. Rev. Lett.},
  year = {2007},
  volume = {99},
  pages={022507-1},
  annote={This paper gives a descent description of the Hubbard-Stratanovich transformation and how it's used in AFDMC.}
}

@article{wiringa1984,
  title = {Nucleon-nucleon potentials with and without {$\Delta(1232)$} degrees of freedom},
  author = {R.B. Wiringa and R.A. Smith, and T.L. Ainsworth},
  journal = {Phys. Rev. C},
  year = {1984},
  volume = {29},
  pages={1207},
  annote={Paper that describes the Argonne v14 potential.}
}

@article{wiringa1995,
  title = {Accurate Nucleon-Nucleon Potential with Charge-Independent Breaking},
  author = {R.B. Wiringa and V. G. J. Stoks and R. Schiavilla},
  journal = {Phys. Rev. C},
  year = {1995},
  volume = {51},
  pages={38-51},
  annote={Paper that describes the Argonne v18 potential.}
}

@article{schuck2007,
  title = {{$\alpha$}-Particle Condensation in Nuclear Systems},
  author = {P. Schuck and Y. Funaki and H. Horiuchi and G. R\"opke and A. Tohsaki and T. Yamada},
  journal = {Nucl. Phys. A},
  year = {2007},
  volume = {788},
  pages={293c-300c},
  annote={Paper that describes the clustering of alpha particles into quartetts.}
}

@article{schuck2013_1,
  title = {Alpha-Particle Condensation in Nuclear Systems},
  author = {P. Schuck and Y. Funaki and H. Horiuchi and G. R\"opke and A. Tohsaki and T. Yamada},
  journal = {J. Phys.: Conf. Ser.},
  year = {2013},
  volume = {413},
  pages={012009},
  annote={Paper that describes the clustering of alpha particles into quartetts.}
}

@article{schuck2013_2,
  title = {Alpha-Particle condensation in nuclear systems: present status and perspectives},
  author = {P. Schuck},
  journal = {J. Phys.: Conf. Ser.},
  year = {2013},
  volume = {436},
  pages={012065},
  annote={He gives a review of alpha-particle clustering.}
}

@article{avancini2012,
  title = {Light clusters in nuclear matter and the ``pasta" phase},
  author = {S.S. Avancini and C.C. Barros Jr. and L. Brito and S. Chiacchiera and D.P. Menezes and C. Provid\^{e}ncia},
  journal = {Phys. Rev. C},
  year = {2012},
  volume = {85},
  pages={035806-1},
  annote={Talks about clustering of a variety of different $A\leq 4$ particles, including the alpha.}
}

@article{raduta2014,
  title = {Clusterized nuclear matter in the \\(proto-)neutron star crust and the symmetry energy},
  author = {Ad.R. Raduta and F. Aymard and F. Gulminelli},
  journal = {Eur. Phys. J. A},
  year = {2014},
  volume = {50},
  pages={24},
  annote={Talks about clustering in nuclear matter, specifically in proto-neutron star crusts.}
}

@article{baldo2016,
  title = {The Nuclear Symmetry Energy},
  author = {M. Baldo and G.F. Burgio},
  eprinttype = {arxiv},
  eprint = {1606.08838v1},
  primaryClass = "nucl-th",
  annote={Detailed review of the nuclear symmetric energy.}
}

@article{barrett2013,
  title = {\textit{Ab initio} no core shell model},
  author = {Bruce R. Barrett and Petr Navr\'{a}til and James P. Vary},
  journal = {Prog. Part. Nucl. Phys.},
  year = {2013},
  volume = {69},
  pages={131-181},
  annote={Recent review of the no core shell model.}
}

@article{hagen2014,
  author={G Hagen and T Papenbrock and M Hjorth-Jensen and D J Dean},
  title={Coupled-cluster computations of atomic nuclei},
  journal={Rep. Prog. Phys.},
  volume={77},
  number={9},
  pages={096302},
  url={http://stacks.iop.org/0034-4885/77/i=9/a=096302},
  year={2014},
  abstract={In the past decade, coupled-cluster theory has seen a renaissance in nuclear physics, with computations of neutron-rich and medium-mass nuclei. The method is efficient for nuclei with product-state references, and it describes many aspects of weakly bound and unbound nuclei. This report reviews the technical and conceptual developments of this method in nuclear physics, and the results of coupled-cluster calculations for nucleonic matter, and for exotic isotopes of helium, oxygen, calcium, and some of their neighbors.},
  annote={Recent review of the coupled-cluster method.}
}

@article{hergert2016,
title = "The In-Medium Similarity Renormalization Group: A novel ab initio method for nuclei ",
journal = "Phys. Rep.",
volume = "621",
pages = "165-222",
year = "2016",
note = "Memorial Volume in Honor of Gerald E. Brown ",
issn = "0370-1573",
doi = "http://dx.doi.org/10.1016/j.physrep.2015.12.007",
url = "http://www.sciencedirect.com/science/article/pii/S0370157315005414",
author = "H. Hergert and S.K. Bogner and T.D. Morris and A. Schwenk and K. Tsukiyama",
annote={Recent review of the SRG method, used to soften the interaction in some basis set methods.}
}

@article{soma2014,
  title = {Chiral two- and three-nucleon forces along medium-mass isotope chains},
  author = {Som\`a, V. and Cipollone, A. and Barbieri, C. and Navr\'atil, P. and Duguet, T.},
  journal = {Phys. Rev. C},
  volume = {89},
  issue = {6},
  pages = {061301},
  numpages = {5},
  year = {2014},
  month = {Jun},
  publisher = {American Physical Society},
  doi = {10.1103/PhysRevC.89.061301},
  url = {http://link.aps.org/doi/10.1103/PhysRevC.89.061301},
  annote = {Recent review of the self consistent Green's function method.}
}

@article{dickhoff2004,
title = "Self-consistent {G}reen's function method for nuclei and nuclear matter ",
journal = "Prog. Part. Nucl. Phys.",
volume = "52",
number = "2",
pages = "377 - 496",
year = "2004",
note = "",
issn = "0146-6410",
doi = "http://dx.doi.org/10.1016/j.ppnp.2004.02.038",
url = "http://www.sciencedirect.com/science/article/pii/S0146641004000535",
author = "W.H. Dickhoff and C. Barbieri",
annote={Review of the self-consistent Green's function method.}
}

@article{lynn2012,
  title = {Real-space imaginary-time propagators for non-local nucleon-nucleon potentials},
  author = {Lynn, J. E. and Schmidt, K. E.},
  journal = {Phys. Rev. C},
  volume = {86},
  issue = {1},
  pages = {014324},
  numpages = {8},
  year = {2012},
  month = {Jul},
  publisher = {American Physical Society},
  doi = {10.1103/PhysRevC.86.014324},
  url = {http://link.aps.org/doi/10.1103/PhysRevC.86.014324},
  annote={Paper talking about using non-local potentials with QMC calculations.}
}

@article{avancini2010,
  title = {$\ensuremath{\alpha}$ particles and the ``pasta'' phase in nuclear matter},
  author = {Avancini, S. S. and Barros, C. C. and Menezes, D. P. and Provid\^encia, C.},
  journal = {Phys. Rev. C},
  volume = {82},
  issue = {2},
  pages = {025808},
  numpages = {13},
  year = {2010},
  month = {Aug},
  publisher = {American Physical Society},
  doi = {10.1103/PhysRevC.82.025808},
  url = {http://link.aps.org/doi/10.1103/PhysRevC.82.025808},
  annote={Another paper by Avancini about alpha particle clusters in nuclear matter.}
}

@article{savage2016,
  title = {Nuclear Physics},
  author = {Savage, Martin J.},
  journal = {Proc. Sci.},
  year = {2016},
  volume = {},
  pages={},
  annote={Paper describing the current state of low energy QCD.},
  archivePrefix = "arXiv",
  eprint        = "1611.02078v1",
  primaryClass  = "hep-lat"
}
