@article{gandolfi2014,
  title = {From the lightest nuclei to the equation of state of symmetric nuclear matter with realistic nuclear interactions},
  author = {S. Gandolfi and A. Lovato and J. Carlson and Kevin E. Schmidt},
  journal = {Phys. Rev. C},
  year = {2014},
  volume = {90}
}

@article{carlson2015,
  title = {Quantum {M}onte {C}arlo methods for nuclear physics},
  author = {J. Carlson and S. Gandolfi and F. Pederiva and Steven C. Pieper and R. Schiavilla and K.E. Schmidt and R.B. Wiringa},
  journal = {Rev. Mod. Phys.},
  year = {2015},
  volume = {87},
  pages = {1067}
}

@article{schuck2013,
  title = {Alpha-Particle Condensation in Nuclear Systems},
  author = {P. Schuck and Y. Funaki and H. Horiuchi and G. R\"opke and A. Tohsaki and T. Yamada},
  journal = {J. Phys.: Conf. Ser.},
  year = {2013},
  volume = {413},
  pages={012009},
  annote={Paper that describes the clustering of alpha particles into quartetts.}
}
