%-------------------------------------------------
% Nuclear Potentials & QMC
%-------------------------------------------------
@article{Wiringa:1995,
  title = {{Accurate nucleon-nucleon potential with charge-independence breaking}},
  author = {Wiringa, R. B. and Stoks, V. G. J. and Schiavilla, R.},
  journal = {Phys. Rev. C},
  volume = {51},
  issue = {1},
  pages = {38-51},
  year = {1995},
  month = {Jan},
  doi = {10.1103/PhysRevC.51.38},
  publisher = {American Physical Society},
}

@article{Epelbaum:2009,
   author={Epelbaum, E. and Hammer, H.-W. and Mei{\ss}ner, Ulf-G.},
   title={{Modern theory of nuclear forces}},
   journal={Rev. Mod. Phys.},
   year={2009},
   volume={81},
   pages={1773-1825},
   doi={10.1103/RevModPhys.81.1773},
   eprint-={0811.1338},
   archivePrefix={arXiv},
   primaryClass={nucl-th},
   reportNumber={HISKP-TH-08-18, FZJ-IKP-TH-2008-20},
}

@article{Machleidt:2011,
  author={Machleidt, R. and Entem, D. R.},
  title={{Chiral effective field theory and nuclear forces}},
  journal={Phys. Rep.},
  year={2011},
  volume={503},
  pages={1-75},
  number={1},
  doi={10.1016/j.physrep.2011.02.001},
  eprint-={1105.2919},
  archivePrefix={arXiv},
  primaryClass={nucl-th},
}

@article{Ekstrom:2013,
  title = {{Optimized Chiral Nucleon-Nucleon Interaction at Next-to-Next-to-Leading Order}},
  author = {Ekstr\"om, A. and Baardsen, G. and Forss\'en, C. and Hagen, G. and Hjorth-Jensen, M. and Jansen, G. R. and Machleidt, R. and Nazarewicz, W. and Papenbrock, T. and Sarich, J. and Wild, S. M.},
  journal = {Phys. Rev. Lett.},
  volume = {110},
  issue = {19},
  pages = {192502},
  numpages = {5},
  year = {2013},
  month = {May},
  publisher = {American Physical Society},
  doi = {10.1103/PhysRevLett.110.192502},
}

@article{Entem:2015,
  title = {{Peripheral nucleon-nucleon scattering at fifth order of chiral perturbation theory}},
  author = {Entem, D. R. and Kaiser, N. and Machleidt, R. and Nosyk, Y.},
  journal = {Phys. Rev. C},
  volume = {91},
  issue = {1},
  pages = {014002},
  numpages = {13},
  year = {2015},
  month = {Jan},
  publisher = {American Physical Society},
  doi = {10.1103/PhysRevC.91.014002},
}

@article{Epelbaum:2015,
  title = {{Precision Nucleon-Nucleon Potential at Fifth Order in the Chiral Expansion}},
  author = {Epelbaum, E. and Krebs, H. and Mei\ss{}ner, U.-G.},
  journal = {Phys. Rev. Lett.},
  volume = {115},
  issue = {12},
  pages = {122301},
  numpages = {5},
  year = {2015},
  month = {Sep},
  publisher = {American Physical Society},
  doi = {10.1103/PhysRevLett.115.122301},
}

@article{Ekstrom:2015,
  title = {{Accurate nuclear radii and binding energies from a chiral interaction}},
  author = {Ekstr\"om, A. and Jansen, G. R. and Wendt, K. A. and Hagen, G. and Papenbrock, T. and Carlsson, B. D. and Forss\'en, C. and Hjorth-Jensen, M. and Navr\'atil, P. and Nazarewicz, W.},
  journal = {Phys. Rev. C},
  volume = {91},
  issue = {5},
  pages = {051301},
  numpages = {7},
  year = {2015},
  month = {May},
  publisher = {American Physical Society},
  doi = {10.1103/PhysRevC.91.051301},
  url = {https://link.aps.org/doi/10.1103/PhysRevC.91.051301}
}

@article{Piarulli:2015,
   author={Piarulli, M. and Girlanda, L. and Schiavilla, R. and Navarro P\'{e}rez, R. and Amaro, J. E. and Ruiz Arriola, E.},
   title={{Minimally nonlocal nucleon-nucleon potentials with chiral two-pion exchange including $\Delta$ resonances}},
   journal={Phys. Rev. C},
   volume={91},
   year={2015},
   number={2},
   pages={024003},
   doi={10.1103/PhysRevC.91.024003},
   eprint-={1412.6446},
   archivePrefix={arXiv},
   primaryClass={nucl-th},
   reportNumber={JLAB-THY-14-1993},
}

@article{Lynn:2016,
   author={Lynn, J. E. and Tews, I. and Carlson, J. and Gandolfi, S. and Gezerlis, A. and Schmidt, K. E. and Schwenk, A.},
   title={{Chiral Three-Nucleon Interactions in Light Nuclei, Neutron-$\alpha$ Scattering, and Neutron Matter}},
   journal={Phys. Rev. Lett.},
   volume={116},
   year={2016},
   number={6},
   pages={062501},
   doi={10.1103/PhysRevLett.116.062501},
   eprint-={1509.03470},
   archivePrefix={arXiv},
   primaryClass={nucl-th},
   reportNumber={LA-UR-15-27045},
}

@article{Huth:2017,
  title = {{Analyzing the Fierz rearrangement freedom for local chiral two-nucleon potentials}},
  author = {Huth, L. and Tews, I. and Lynn, J. E. and Schwenk, A.},
  journal = {Phys. Rev. C},
  volume = {96},
  issue = {5},
  pages = {054003},
  numpages = {10},
  year = {2017},
  month = {Nov},
  publisher = {American Physical Society},
  doi = {10.1103/PhysRevC.96.054003},
  eprint-={1708.03194},
  archivePrefix={arXiv},
  primaryClass-={nucl-th},
}

@article{Ekstrom:2017,
   author={Ekstr{\"o}m, A. and Hagen, G. and Morris, T.~D. and Papenbrock, T. and Schwartz, P.~D.},
   title={{Delta isobars and nuclear saturation}},
   archivePrefix={arXiv},
   eprint={1707.09028},
   primaryClass-={nucl-th},
   year-={2017},
   month={jul},
}

@article{Carlson:2015,
   author={Carlson, J. and Gandolfi, S. and Pederiva, F. and Pieper, Steven C. and Schiavilla, R. and Schmidt, K. E. and Wiringa, R. B.},
   title={{Quantum Monte Carlo methods for nuclear physics}},
   journal={Rev. Mod. Phys.},
   volume={87},
   year={2015},
   pages={1067-1118},
   numpages={52},
   publisher={American Physical Society},
   doi={10.1103/RevModPhys.87.1067},
   eprint-={1412.3081},
   archivePrefix={arXiv},
   primaryClass={nucl-th},
   reportNumber={LA-UR-14-29251, JLAB-THY-14-1989},
}

@article{Zhang:2003,
   title={{Quantum Monte Carlo Method using Phase-Free Random Walks with Slater Determinants}},
   author={Zhang, Shiwei and Krakauer, Henry},
   journal={Phys. Rev. Lett.},
   volume={90},
   issue={13},
   pages={136401},
   numpages={4},
   year={2003},
   month={Apr},
   publisher={American Physical Society},
   doi={10.1103/PhysRevLett.90.136401},
   eprint-={cond-mat/0208340},
   archivePrefix={arXiv},
   primaryClass={cond-mat},
}

@article{Zhao:2016,
  title = {{Radii of neutron drops probed via the neutron skin thickness of nuclei}},
  author = {Zhao, P. W. and Gandolfi, S.},
  journal = {Phys. Rev. C},
  volume = {94},
  issue = {4},
  pages = {041302},
  numpages = {6},
  year = {2016},
  month = {Oct},
  publisher = {American Physical Society},
  doi = {10.1103/PhysRevC.94.041302},
  url = {https://link.aps.org/doi/10.1103/PhysRevC.94.041302}
}

@article{Gandolfi:2017,
  title = {{Is a Trineutron Resonance Lower in Energy than a Tetraneutron Resonance?}},
  author = {Gandolfi, S. and Hammer, H.-W. and Klos, P. and Lynn, J. E. and Schwenk, A.},
  journal = {Phys. Rev. Lett.},
  volume = {118},
  issue = {23},
  pages = {232501},
  numpages = {5},
  year = {2017},
  month = {Jun},
  publisher = {American Physical Society},
  doi = {10.1103/PhysRevLett.118.232501},
}

@article{Klos:2016,
  title = {{Quantum Monte Carlo calculations of two neutrons in finite volume}},
  author = {Klos, P. and Lynn, J. E. and Tews, I. and Gandolfi, S. and Gezerlis, A. and Hammer, H.-W. and Hoferichter, M. and Schwenk, A.},
  journal = {Phys. Rev. C},
  volume = {94},
  issue = {5},
  pages = {054005},
  numpages = {11},
  year = {2016},
  month = {Nov},
  publisher = {American Physical Society},
  doi = {10.1103/PhysRevC.94.054005},
}

@article{Gandolfi:2011,
   author={Gandolfi, S. and Carlson, J. and Pieper, Steven C.},
   title={{Cold Neutrons Trapped in External Fields}},
   journal={Phys. Rev. Lett.},
   volume={106},
   year={2011},
   pages={012501},
   publisher={American Physical Society},
   doi={10.1103/PhysRevLett.106.012501},
   eprint-={1010.4583},
   archivePrefix={arXiv},
   primaryClass={nucl-th},
   reportNumber={LA-UR-10-06450},
}

@article{Gandolfi:2012,
   author={Gandolfi, S. and Carlson, J. and Reddy, Sanjay},
   title={{The maximum mass and radius of neutron stars, and the nuclear symmetry energy}},
   journal={Phys. Rev. C},
   volume={85},
   year={2012},
   pages={032801},
   publisher={American Physical Society},
   doi={10.1103/PhysRevC.85.032801},
   eprint-={1101.1921},
   archivePrefix={arXiv},
   primaryClass={nucl-th},
   reportNumber={LA-UR-10-07356},
}

@article{Gandolfi:2014,
   author={Gandolfi, S. and Lovato, A. and Carlson, J. and Schmidt, Kevin E.},
   title={{From the lightest nuclei to the equation of state of asymmetric nuclear matter with realistic nuclear interactions}},
   journal={Phys. Rev. C},
   volume={90},
   year={2014},
   number={6},
   pages={061306},
   publisher={American Physical Society},
   doi={10.1103/PhysRevC.90.061306},
   eprint-={1406.3388},
   archivePrefix={arXiv},
   primaryClass={nucl-th},
   reportNumber={LA-UR-14-24127},
}

@article{Barrett:2013,
   author={Barrett, Bruce R. and Navratil, Petr and Vary, James P.},
   title={{\textit{Ab initio} no core shell model}},
   journal={Prog. Part. Nucl. Phys.},
   volume={69},
   year={2013},
   pages={131},
   doi={10.1016/j.ppnp.2012.10.003},
}

@article{Binder:2013,
   author={Binder, Sven and Langhammer, Joachim and Calci, Angelo and Roth, Robert},
   title={{\textit{Ab initio} path to heavy nuclei}},
   journal={Phys. Lett. B},
   volume={736},
   year={2014},
   pages={119},
   doi={10.1016/j.physletb.2014.07.010},
   eprint-={1312.5685},
   archivePrefix-={arXiv},
   primaryClass-={nucl-th},
}

@article{Hagen:2013,
   author={Hagen, G. and Papenbrock, T. and Hjorth-Jensen, M. and Dean, D. J.},
   title={{Coupled-cluster computations of atomic nuclei}},
   journal={Rept. Prog. Phys.},
   volume={77},
   year={2014},
   number={9},
   pages={096302},
   doi={10.1088/0034-4885/77/9/096302},
   eprint-={1312.7872},
   archivePrefix={arXiv},
   primaryClass={nucl-th},
}

@article{Hergert:2015,
   author={Hergert, H. and Bogner, S. K. and Morris, T. D. and Schwenk, A. and Tsukiyama, K.},
   title={{The In-Medium Similarity Renormalization Group: A Novel \textit{ab initio} method for nuclei}},
   journal={Phys. Rept.},
   volume={621},
   year={2016},
   pages={165},
   doi={10.1016/j.physrep.2015.12.007},
   eprint-={1512.06956},
   archivePrefix-={arXiv},
   primaryClass-={nucl-th},
}

@article{Lahde:2013,
   author={L\"{a}hde, Timo A. and Epelbaum, Evgeny and Krebs, Hermann and Lee, Dean and Mei\ss{}ner, Ulf-G. and Rupak, Gautam},
   title={{Lattice effective field theory for medium-mass nuclei}},
   journal={Phys. Lett. B},
   volume={732},
   year={2014},
   pages={110-115},
   doi={10.1016/j.physletb.2014.03.023},
   eprint-={1311.0477},
   archivePrefix={arXiv},
   primaryClass={nucl-th},
}

@article{Hebeler:2015,
   author={Hebeler, K. and Holt, J. D. and Men\'{e}ndez, J. and Schwenk, A.},
   title={{Nuclear Forces and Their Impact on Neutron-Rich Nuclei and Neutron-Rich Matter}},
   journal={Ann. Rev. Nucl. Part. Sci.},
   volume={65},
   year={2015},
   pages={457-484},
   doi={10.1146/annurev-nucl-102313-025446},
   eprint-={1508.06893},
   archivePrefix={arXiv},
   primaryClass={nucl-th},
}

@article{Simonis:2017,
   author={Simonis, J. and Stroberg, S. R. and Hebeler, K. and Holt, J. D. and Schwenk, A.},
   title={{Saturation with chiral interactions and consequences for finite nuclei}},
   journal={Phys. Rev. C},
   volume={96},
   year={2017},
   number={1},
   pages={014303},
   doi={10.1103/PhysRevC.96.014303},
   eprint-={1704.02915},
   archivePrefix={arXiv},
   primaryClass={nucl-th},
}

@article{Epelbaum:2015epja,
   author={Epelbaum, E. and Krebs, H. and Mei\ss{}ner, U.-G.},
   title={{Improved chiral nucleon-nucleon potential up to next-to-next-to-next-to-leading order}},
   journal={Eur. Phys. J. A},
   volume={51},
   year={2015},
   number={5},
   pages={53},
   doi={10.1140/epja/i2015-15053-8},
   url={http://dx.doi.org/10.1140/epja/i2015-15053-8},
   eprint-={1412.0142},
   archivePrefix={arXiv},
   primaryClass={nucl-th},
}

@article{Gezerlis:2013,
   author={Gezerlis, A. and Tews, I. and Epelbaum, E. and Gandolfi, S. and Hebeler, K. and Nogga, A. and Schwenk, A.},
   title={{Quantum Monte Carlo Calculations with Chiral Effective Field Theory Interactions}},
   journal={Phys. Rev. Lett.},
   volume={111},
   year={2013},
   number={3},
   pages={032501},
   doi={10.1103/PhysRevLett.111.032501},
   eprint-={1303.6243},
   archivePrefix={arXiv},
   primaryClass={nucl-th},
}

@article{Gezerlis:2014,
   author={Gezerlis, A. and Tews, I. and Epelbaum, E. and Freunek, M. and Gandolfi, S. and Hebeler, K. and Nogga, A. and Schwenk, A.},
   title={{Local chiral effective field theory interactions and quantum Monte Carlo applications}},
   journal={Phys. Rev. C},
   volume={90},
   year={2014},
   number={5},
   pages={054323},
   doi={10.1103/PhysRevC.90.054323},
   eprint-={1406.0454},
   archivePrefix={arXiv},
   primaryClass={nucl-th},
   reportNumber={LA-UR-14-23894},
}

@article{Lynn:2014,
  title = {{Quantum Monte Carlo Calculations of Light Nuclei Using Chiral Potentials}},
  author = {Lynn, J. E. and Carlson, J. and Epelbaum, E. and Gandolfi, S. and Gezerlis, A. and Schwenk, A.},
  journal = {Phys. Rev. Lett.},
  volume = {113},
  issue = {19},
  pages = {192501},
  numpages = {5},
  year = {2014},
  month = {Nov},
  publisher = {American Physical Society},
  doi = {10.1103/PhysRevLett.113.192501},
  eprint-={1406.2787},
  archivePrefix={arXiv},
  primaryClass={nucl-th},
  reportNumber={LA-UR-14-24128},
}

@article{Tews:2016,
   title = {{Quantum Monte Carlo calculations of neutron matter with chiral three-body forces}},
   author = {Tews, I. and Gandolfi, S. and Gezerlis, A. and Schwenk, A.},
   journal = {Phys. Rev. C},
   volume = {93},
   issue = {2},
   pages = {024305},
   numpages = {10},
   year = {2016},
   month = {Feb},
   publisher = {American Physical Society},
   doi = {10.1103/PhysRevC.93.024305},
   eprint-={1507.05561},
   archivePrefix={arXiv},
   primaryClass={nucl-th},
}

@article{Lynn:2017,
   title={{Quantum Monte Carlo calculations of light nuclei with local chiral two- and three-nucleon interactions}},
   author={Lynn, J. E. and Tews, I. and Carlson, J. and Gandolfi, S. and Gezerlis, A. and Schmidt, K. E. and Schwenk, A.},
   journal={Phys. Rev. C},
   volume={96},
   issue={5},
   pages={054007},
   numpages={19},
   year={2017},
   month={Nov},
   publisher={American Physical Society},
   doi={10.1103/PhysRevC.96.054007},
   eprint-={1706.07668},
   archivePrefix-={arXiv},
   primaryClass-={nucl-th},
   reportNumber={INT-PUB-17-023, LA-UR-17-25004},
}

@article{Lonardoni:2017afdmc,
   author={Lonardoni, D. and Carlson, J. and Gandolfi, S. and Lynn, J. E. and Schmidt, K. E. and Schwenk, A. and Wang, X.},
   title={{Properties of nuclei up to $A=16$ using local chiral interactions}},
   year-={2017},
   eprint={1709.09143},
   archivePrefix={arXiv},
   primaryClass={nucl-th},
   reportNumber={LA-UR-17-28568},
}

@article{Buraczynski:2016,
   title = {{Static Response of Neutron Matter}},
   author = {Buraczynski, Mateusz and Gezerlis, Alexandros},
   journal = {Phys. Rev. Lett.},
   volume = {116},
   issue = {15},
   pages = {152501},
   numpages = {6},
   year = {2016},
   month = {Apr},
   publisher = {American Physical Society},
   doi = {10.1103/PhysRevLett.116.152501},
   eprint-={1510.06417},
   archivePrefix={arXiv},
   primaryClass={nucl-th},
}

@article{Buraczynski:2017,
  title = {{Ab initio and phenomenological studies of the static response of neutron matter}},
  author = {Buraczynski, Mateusz and Gezerlis, Alexandros},
  journal = {Phys. Rev. C},
  volume = {95},
  issue = {4},
  pages = {044309},
  numpages = {10},
  year = {2017},
  month = {Apr},
  publisher = {American Physical Society},
  doi = {10.1103/PhysRevC.95.044309},
  eprint-={1608.03598},
  archivePrefix={arXiv},
  primaryClass={nucl-th},
}

@article{Piarulli:2016,
   author={Piarulli, M. and Girlanda, L. and Schiavilla, R. and Kievsky, A. and Lovato, A. and Marcucci, L. E. and Pieper, Steven C. and Viviani, M. and Wiringa, R. B.},
   title={{Local chiral potentials with $\Delta$-intermediate states and the structure of light nuclei}},
   journal={Phys. Rev. C},
   volume={94},
   year={2016},
   number={5},
   pages={054007},
   doi={10.1103/PhysRevC.94.054007},
   eprint-={1606.06335},
   archivePrefix={arXiv},
   primaryClass={nucl-th},
}

@article{Piarulli:2018,
  title = {{Light-Nuclei Spectra from Chiral Dynamics}},
  author = {Piarulli, M. and Baroni, A. and Girlanda, L. and Kievsky, A. and Lovato, A. and Lusk, Ewing and Marcucci, L. E. and Pieper, Steven C. and Schiavilla, R. and Viviani, M. and Wiringa, R. B.},
  journal = {Phys. Rev. Lett.},
  volume = {120},
  issue = {5},
  pages = {052503},
  numpages = {6},
  year = {2018},
  month = {Feb},
  publisher = {American Physical Society},
  doi = {10.1103/PhysRevLett.120.052503},
  url = {https://link.aps.org/doi/10.1103/PhysRevLett.120.052503}
  eprint-={1707.02883},
  archivePrefix-={arXiv},
  primaryClass-={nucl-th},
}

@article{Sarsa:2003,
   title={{Neutron matter at zero temperature with an auxiliary field diffusion Monte Carlo method}},
   author={Sarsa, A. and Fantoni, S. and Schmidt, K. E. and Pederiva, F.},
   journal={Phys. Rev. C},
   volume={68},
   issue={2},
   pages={024308},
   numpages={14},
   year={2003},
   month={Aug},
   publisher={American Physical Society},
   doi={10.1103/PhysRevC.68.024308},
   eprint-={nucl-th/0303035},
   archivePrefix={arXiv},
   primaryClass={nucl-th},
}

@article{Maris:2013,
   author={Maris, Pieter and Vary, James P. and Gandolfi, S. and Carlson, J. and Pieper, Steven C.},
   title={{Properties of trapped neutrons interacting with realistic nuclear Hamiltonians}},
   journal={Phys. Rev. C},
   volume={87},
   year={2013},
   number={5},
   pages={054318},
   doi={10.1103/PhysRevC.87.054318},
   eprint-={1302.2089},
   archivePrefix={arXiv},
   primaryClass={nucl-th},
   reportNumber={INT-PUB-13-006},
}

@article{Metropolis:1953,
  author = {Metropolis, N and Rosenbluth, A. W. and Rosenbluth, M. N. and Teller, A. H. and Teller, E.},
  title = {{Equation of State Calculations by Fast Computing Machines}},
  journal = {J. Chem. Phys.},
  volume = {21},
  number = {6},
  pages = {1087-1092},
  year = {1953},
  doi = {10.1063/1.1699114},
}

@inbook{Pieper:1998,
   author={Pieper, Steven C.},
   editor={Navarro, Jes{\'u}s and Polls, Artur},
   title={{Monte carlo calculations of nuclei}},
   bookTitle={{Microscopic Quantum Many-Body Theories and Their Applications: Proceedings of a European Summer School Held at Valencia, Spain, 8-19 September 1997}},
   year={1998},
   publisher={Springer Berlin Heidelberg},
   address={Berlin, Heidelberg},
   pages={337-357},
   abstract={{Nuclear many-body calculations have the complication of strong spin-and isospin-dependent potentials. In these lectures I discuss the variational and Green's function Monte Carlo techniques that have been developed to address this complication, and present a few results.}},
   isbn={978-3-540-69787-9},
   doi={10.1007/BFb0104530},
}

@article{Pudliner:1997,
  title = {{Quantum Monte Carlo calculations of nuclei with $A\le7$}},
  author = {Pudliner, B. S. and Pandharipande, V. R. and Carlson, J. and Pieper, Steven C. and Wiringa, R. B.},
  journal = {Phys. Rev. C},
  volume = {56},
  issue = {4},
  pages = {1720-1750},
  numpages = {0},
  year = {1997},
  month = {Oct},
  publisher = {American Physical Society},
  doi = {10.1103/PhysRevC.56.1720},
}

@article{Pervin:2007,
  title = {{Quantum Monte Carlo calculations of electroweak transition matrix elements in $A=6,7$ nuclei}},
  author = {Pervin, Muslema and Pieper, Steven C. and Wiringa, R. B.},
  journal = {Phys. Rev. C},
  volume = {76},
  issue = {6},
  pages = {064319},
  numpages = {9},
  year = {2007},
  month = {Dec},
  publisher = {American Physical Society},
  doi = {10.1103/PhysRevC.76.064319},
}

@article{Gandolfi:2014_epja,
  author={Gandolfi, S. and Carlson, J. and Reddy, S. and Steiner, A. W. and Wiringa, R. B.},
  title={{The equation of state of neutron matter, symmetry energy and neutron star structure}},
  journal={Eur. Phys. J. A},
  year={2014},
  month={Feb},
  day={25},
  volume={50},
  number={2},
  pages={10},
  issn={1434-601X},
  doi={10.1140/epja/i2014-14010-5},
  url={https://doi.org/10.1140/epja/i2014-14010-5}
}

@article{Hagen:2014,
  title = {{Coupled-cluster calculations of nucleonic matter}},
  author = {Hagen, G. and Papenbrock, T. and Ekstr\"om, A. and Wendt, K. A. and Baardsen, G. and Gandolfi, S. and Hjorth-Jensen, M. and Horowitz, C. J.},
  journal = {Phys. Rev. C},
  volume = {89},
  issue = {1},
  pages = {014319},
  numpages = {13},
  year = {2014},
  month = {Jan},
  publisher = {American Physical Society},
  doi = {10.1103/PhysRevC.89.014319},
  url = {https://link.aps.org/doi/10.1103/PhysRevC.89.014319}
}

@article{Ceperley:1995,
  title = {{Path integrals in the theory of condensed helium}},
  author = {Ceperley, D. M.},
  journal = {Rev. Mod. Phys.},
  volume = {67},
  issue = {2},
  pages = {279-355},
  numpages = {0},
  year = {1995},
  month = {Apr},
  publisher = {American Physical Society},
  doi = {10.1103/RevModPhys.67.279},
  url = {https://link.aps.org/doi/10.1103/RevModPhys.67.279}
}

@article{Ortiz:1993,
  title = {{New stochastic method for systems with broken time-reversal symmetry: 2D fermions in a magnetic field}},
  author = {Ortiz, G. and Ceperley, D. M. and Martin, R. M.},
  journal = {Phys. Rev. Lett.},
  volume = {71},
  issue = {17},
  pages = {2777-2780},
  numpages = {0},
  year = {1993},
  month = {Oct},
  publisher = {American Physical Society},
  doi = {10.1103/PhysRevLett.71.2777},
  url = {https://link.aps.org/doi/10.1103/PhysRevLett.71.2777}
}

@article{Foulkes:2001,
  title = {{Quantum Monte Carlo simulations of solids}},
  author = {Foulkes, W. M. C. and Mitas, L. and Needs, R. J. and Rajagopal, G.},
  journal = {Rev. Mod. Phys.},
  volume = {73},
  issue = {1},
  pages = {33-83},
  numpages = {0},
  year = {2001},
  month = {Jan},
  publisher = {American Physical Society},
  doi = {10.1103/RevModPhys.73.33},
  url = {https://link.aps.org/doi/10.1103/RevModPhys.73.33}
}

@article{Zhang:1997,
  title = {{Constrained path Monte Carlo method for fermion ground states}},
  author = {Zhang, Shiwei and Carlson, J. and Gubernatis, J. E.},
  journal = {Phys. Rev. B},
  volume = {55},
  issue = {12},
  pages = {7464-7477},
  numpages = {0},
  year = {1997},
  month = {Mar},
  publisher = {American Physical Society},
  doi = {10.1103/PhysRevB.55.7464},
  url = {https://link.aps.org/doi/10.1103/PhysRevB.55.7464}
}

@article{Trotter:1959,
  title = {{}},
  author = {Trotter, H. F.},
  journal = {Proc. Am. Math. Soc.},
  volume = {10},
  pages = {54},
  year = {1959},
}


%------------------------------------------------------------
% Charge Radius, Form Factors and Sum Rules
%------------------------------------------------------------
% Charge radius expression
@article{Friar:1997,
  title = {{Nuclear sizes and the isotope shift}},
  author = {Friar, J. L. and Martorell, J. and Sprung, D. W. L.},
  journal = {Phys. Rev. A},
  volume = {56},
  issue = {6},
  pages = {4579-4586},
  numpages = {0},
  year = {1997},
  month = {Dec},
  publisher = {American Physical Society},
  doi = {10.1103/PhysRevA.56.4579},
  url = {https://link.aps.org/doi/10.1103/PhysRevA.56.4579}
}

% Spin-orbit correction to the charge radius
@article{Ong:2010,
   title = {{Effect of spin-orbit nuclear charge density corrections due to the anomalous magnetic moment on halonuclei}},
   author = {Ong, A. and Berengut, J. C. and Flambaum, V. V.},
   journal = {Phys. Rev. C},
   volume = {82},
   issue = {1},
   pages = {014320},
   numpages = {6},
   year = {2010},
   month = {Jul},
   publisher = {American Physical Society},
   doi = {10.1103/PhysRevC.82.014320},
   eprint-={1006.5508},
   archivePrefix={arXiv},
   primaryClass={nucl-th},
}

% Proton and neutron radii
@article{Beringer:2012,
   title = {{Review of Particle Physics}},
   author = {Beringer, J. and Arguin, J. -F. and Barnett, R. M. and Copic, K. and Dahl, O. and Groom, D. E. and Lin, C. -J. and Lys, J. and Murayama, H. and Wohl, C. G. and Yao, W. -M. and Zyla, P. A. and Amsler, C. and Antonelli, M. and Asner, D. M. and others},
   collaboration = {Particle Data Group},
   journal = {Phys. Rev. D},
   volume = {86},
   issue = {1},
   pages = {010001},
   numpages = {1528},
   year = {2012},
   month = {Jul},
   publisher = {American Physical Society},
   doi = {10.1103/PhysRevD.86.010001},
}

% Charge radii tables (not reliable)
@article{Angeli:2013,
  title = {{Table of experimental nuclear ground state charge radii: An update}},
  author = {Angeli, I. and Marinova, K.P.},
  journal = {Atomic Data and Nuclear Data Tables},
  volume = {99},
  number = {1},
  pages = {69-95},
  year = {2013},
  issn = {0092-640X},
  doi = {https://doi.org/10.1016/j.adt.2011.12.006},
  url = {http://www.sciencedirect.com/science/article/pii/S0092640X12000265},
}

% 3H
@article{Juster:1985,
  title = {Tritium Electromagnetic Form Factors},
  author = {Juster, F. -P. and Auffret, S. and Cavedon, J. -M. and Clemens, J. -C. and Frois, B. and Goutte, D. and Huet, M. and Leconte, P. and Martino, J. and Mizuno, Y. and Phan, X. -H. and Platchkov, S. and Williamson, S. and Sick, I.},
  journal = {Phys. Rev. Lett.},
  volume = {55},
  issue = {21},
  pages = {2261-2264},
  numpages = {0},
  year = {1985},
  month = {Nov},
  publisher = {American Physical Society},
  doi = {10.1103/PhysRevLett.55.2261},
  url = {https://link.aps.org/doi/10.1103/PhysRevLett.55.2261}
}

% 3He
@article{Marcucci:2015,
  author={Marcucci, L. E. and Gross, F. and Pe\~na, M. T. and Piarulli, M. and Schiavilla, R. and Sick, I. and Stadler, A. and Van Orden, J. W. and Viviani, M.},
  title={{Electromagnetic structure of few-nucleon ground states}},
  journal={J. Phys. G: Nucl. Part. Phys.},
  volume={43},
  number={2},
  pages={023002},
  url={http://stacks.iop.org/0954-3899/43/i=2/a=023002},
  year={2016},
}

% 4He
@inbook{Sick:2008,
   title={{Precise Radii of Light Nuclei from Electron Scattering}},
   author={Sick, I.},
   editor={Karshenboim, Savely G.},
   bookTitle={{Precision Physics of Simple Atoms and Molecules}},
   year={2008},
   publisher={Springer Berlin Heidelberg},
   address={Berlin, Heidelberg},
   pages={57-77},
   isbn={978-3-540-75479-4},
   doi={10.1007/978-3-540-75479-4_4},
   url={https://doi.org/10.1007/978-3-540-75479-4_4},
}

% 6He, 8He
@article{Mueller:2007,
  title = {{Nuclear Charge Radius of $^8$He}},
  author = {Mueller, P. and Sulai, I. A. and Villari, A. C. C. and Alc\'antara-N\'u\~nez, J. A. and Alves-Cond\'e, R. and Bailey, K. and Drake, G. W. F. and Dubois, M. and El\'eon, C. and Gaubert, G. and Holt, R. J. and Janssens, R. V. F. and Lecesne, N. and Lu, Z.-T. and O'Connor, T. P. and Saint-Laurent, M.-G. and Thomas, J.-C. and Wang, L.-B.},
  journal = {Phys. Rev. Lett.},
  volume = {99},
  issue = {25},
  pages = {252501},
  numpages = {4},
  year = {2007},
  month = {Dec},
  publisher = {American Physical Society},
  doi = {10.1103/PhysRevLett.99.252501},
  url = {https://link.aps.org/doi/10.1103/PhysRevLett.99.252501}
}

% 6Li, 7Li, 8Li, 9Li, 11Li
@article{Nortershauser:2011,
  title = {{Charge radii and ground state structure of lithium isotopes: Experiment and theory reexamined}},
  author = {N\"ortersh\"auser, W. and Neff, T. and S\'anchez, R. and Sick, I.},
  journal = {Phys. Rev. C},
  volume = {84},
  issue = {2},
  pages = {024307},
  numpages = {14},
  year = {2011},
  month = {Aug},
  publisher = {American Physical Society},
  doi = {10.1103/PhysRevC.84.024307},
  url = {https://link.aps.org/doi/10.1103/PhysRevC.84.024307}
}

% 6Li
@article{Li:1971,
   title = {{High-energy electron scattering from $^6$Li}},
   author = {Li, G. C. and Sick, I. and Whitney, R. R. and Yearian, M. R.},
   journal = {Nucl. Phys. A},
   volume = {162},
   number = {3},
   pages = {583-592},
   year = {1971},
   issn = {0375-9474},
   doi = {https://doi.org/10.1016/0375-9474(71)90257-0},
}

% 12C
@article{Devries:1987,
   author={De Vries, H. and De Jager, C. W. and De Vries, C.},
   title={{Nuclear charge-density-distribution parameters from elastic electron scattering}},
   journal={At. Data Nucl. Data Tables},
   volume={36},
   number={3},
   pages={495-536},
   year={1987},
   issn={0092-640X},
   doi={http://dx.doi.org/10.1016/0092-640X(87)90013-1},
}

% 12C
@article{Sick:1982,
  title = {{Precise nuclear radii from electron scattering}},
  author = {Sick, Ingo},
  journal = {Phys. Lett. B},
  volume = {116},
  number = {4},
  pages = {212-214},
  year = {1982},
  issn = {0370-2693},
  doi = {https://doi.org/10.1016/0370-2693(82)90327-6},
  url = {http://www.sciencedirect.com/science/article/pii/0370269382903276},
}

% 12C, 16O
@article{Sick:1970,
   author={Sick, I. and McCarthy, J. S.},
   title={{Elastic electron scattering from $^{12}$C and $^{16}$O}},
   journal={Nucl. Phys. A},
   volume={150},
   number={3},
   year={1970},
   pages={631-654},
   doi={10.1016/0375-9474(70)90423-9},
}

% 16O
@article{sick:1975,
   author={I. Sick },
   year-={1975},
   note={{(unpublished)}},
}

% 14N, 15N, 16O, 18O
@article{Schuetz:1975,
   title={{Elastic electron scattering from $^{14}$N, $^{15}$N, $^{16}$O and $^{18}$O at low momentum transfer}},
   author={Sch\"utz, W.},
   journal={Z Phys. A},
   volume={273},
   number={1},
   pages={69--75},
   year={1975},
   doi={},
   url={https://inis.iaea.org/search/searchsinglerecord.aspx?recordsFor=SingleRecord&RN=6206077},
}

% 16O, 17O, 18O
@article{Singhal:1970,
  title = {{RMS Charge Radii of $^{16,17,18}$O by Elastic Electron Scattering}},
  author = {Singhal, R. P. and Moreira, J. R. and Caplan, H. S.},
  journal = {Phys. Rev. Lett.},
  volume = {24},
  issue = {2},
  pages = {73-75},
  numpages = {0},
  year = {1970},
  month = {Jan},
  publisher = {American Physical Society},
  doi = {10.1103/PhysRevLett.24.73},
  url = {https://link.aps.org/doi/10.1103/PhysRevLett.24.73}
}

% 16O, 17O, 18O
@article{Miska:1979,
  title = {{Precise measurement of the charge-distribution differences of the oxygen isotopes}},
  author = {Miska, H. and Norum, B. and Hynes, M.V. and Bertozzi, W. and Kowalski, S. and Rad, F.N. and Sargent, C.P. and Sasanuma, T. and Berman, B.L.},
  journal = {{Phys. Lett. B}},
  volume = {83},
  number = {2},
  pages = {165-168},
  year = {1979},
  issn = {0370-2693},
  doi = {https://doi.org/10.1016/0370-2693(79)90676-2},
  url = {http://www.sciencedirect.com/science/article/pii/0370269379906762},
}

% 19F
@article{Oyamada:1975,
  title = {{Electroexcitation of low-lying states in $^{19}$F}},
  author = {Oyamada, M. and Terasawa, T. and Nakahara, K. and Endo, Y. and Saito, H. and Tanaka, E.},
  journal = {Phys. Rev. C},
  volume = {11},
  issue = {5},
  pages = {1578-1592},
  numpages = {0},
  year = {1975},
  month = {May},
  publisher = {American Physical Society},
  doi = {10.1103/PhysRevC.11.1578},
  url = {https://link.aps.org/doi/10.1103/PhysRevC.11.1578}
}

% 19F, 40Ca
@article{Hallowell:1973,
  title = {{Electron Scattering from $^{19}$F and $^{40}$Ca}},
  author = {Hallowell, P. L. and Bertozzi, W. and Heisenberg, J. and Kowalski, S. and Maruyama, X. and Sargent, C. P. and Turchinetz, W. and Williamson, C. F. and Fivozinsky, S. P. and Lightbody, J. W. and Penner, S.},
  journal = {Phys. Rev. C},
  volume = {7},
  issue = {4},
  pages = {1396-1409},
  numpages = {0},
  year = {1973},
  month = {Apr},
  publisher = {American Physical Society},
  doi = {10.1103/PhysRevC.7.1396},
  url = {https://link.aps.org/doi/10.1103/PhysRevC.7.1396}
}



% Coulomb sum rule expression
@article{Mcvoy:1962,
  title = {{Inelastic Electron-Nucleus Scattering and Nucleon-Nucleon Correlations}},
  author = {McVoy, K. W. and Van Hove, L.},
  journal = {Phys. Rev.},
  volume = {125},
  issue = {3},
  pages = {1034-1043},
  numpages = {0},
  year = {1962},
  month = {Feb},
  publisher = {American Physical Society},
  doi = {10.1103/PhysRev.125.1034},
  url = {https://link.aps.org/doi/10.1103/PhysRev.125.1034}
}

@article{Wiringa:1998,
  title = {{Microscopic Calculation of $^{6}$Li Elastic and Transition Form Factors}},
  author = {Wiringa, R. B. and Schiavilla, R.},
  journal = {Phys. Rev. Lett.},
  volume = {81},
  issue = {20},
  pages = {4317-4320},
  numpages = {0},
  year = {1998},
  month = {Nov},
  publisher = {American Physical Society},
  doi = {10.1103/PhysRevLett.81.4317},
}

@article{Wiringa:2002,
  title = {{Evolution of Nuclear Spectra with Nuclear Forces}},
  author = {Wiringa, R. and Pieper, S.},
  journal = {Phys. Rev. Lett.},
  volume = {89},
  month = {oct},
  number = {18},
  pages = {18-21},
  year = {2002},
  doi = {10.1103/PhysRevLett.89.182501},
  issn = {0031-9007},
}

@article{Mihaila:2000,
   author={Mihaila, Bogdan and Heisenberg, Jochen H.},
   title={{Microscopic Calculation of the Inclusive Electron Scattering Structure Function in $^{16}$O}},
   journal={Phys. Rev. Lett.},
   volume={84},
   year={2000},
   pages={1403-1406},
   doi={10.1103/PhysRevLett.84.1403},
   eprint-={nucl-th/9910007},
   archivePrefix={arXiv},
   primaryClass={nucl-th},
}

@article{Lovato:2013,
   author={Lovato, A. and Gandolfi, S. and Butler, Ralph and Carlson, J. and Lusk, Ewing and Pieper, Steven C. and Schiavilla, R.},
   title={{Charge Form Factor and Sum Rules of Electromagnetic Response Functions in $^{12}$C}},
   journal={Phys. Rev. Lett.},
   volume={111},
   year={2013},
   number={9},
   pages={092501},
   doi={10.1103/PhysRevLett.111.092501},
   eprint-={1305.6959},
   archivePrefix={arXiv},
   primaryClass={nucl-th},
   reportNumber={JLAB-THY-13-1738},
}

@article{Lovato:2016,
   author={Lovato, A. and Gandolfi, S. and Carlson, J. and Pieper, Steven C. and Schiavilla, R.},
   title={{Electromagnetic Response of $^{12}$C: A First-Principles Calculation}},
   journal={Phys. Rev. Lett.},
   volume={117},
   year={2016},
   number={8},
   pages={082501},
   publisher={American Physical Society},
   doi={10.1103/PhysRevLett.117.082501},
   eprint-={1605.00248},
   archivePrefix={arXiv},
   primaryClass={nucl-th},
   reportNumber={LA-UR-16-22606, JLAB-THY-16-2241},
}

@article{Lonardoni:2017cvmc,
   author={Lonardoni, D. and Lovato, A. and Pieper, Steven C. and Wiringa, R. B.},
   title={{Variational calculation of the ground state of closed-shell nuclei up to $A=40$}},
   journal={Phys. Rev. C},
   volume={96},
   year={2017},
   number={2},
   pages={024326},
   doi={10.1103/PhysRevC.96.024326},
   eprint-={1705.04337},
   archivePrefix={arXiv},
   primaryClass={nucl-th},
   reportNumber={LA-UR-17-23856},
}

@article{Kelly:2004,
   title = {{Simple parametrization of nucleon form factors}},
   author = {Kelly, J. J.},
   journal = {Phys. Rev. C},
   volume = {70},
   issue = {6},
   pages = {068202},
   numpages = {3},
   year = {2004},
   month = {Dec},
   publisher = {American Physical Society},
   doi = {10.1103/PhysRevC.70.068202},
   url = {https://link.aps.org/doi/10.1103/PhysRevC.70.068202}
}


%-------------------------------------------------
% Neutron Stars
%-------------------------------------------------
@article{Demorest:2010,
   author={Demorest, P. B. and Pennucci, T. and Ransom, S. M. and Roberts, M. S. E. and Hessels, J. W. T.},
   title={{A two-solar-mass neutron star measured using Shapiro delay}},
   journal={Nature},
   volume={467},
   year={2010},
   pages={1081-1083},
   doi={10.1038/nature09466},
   eprint-={1010.5788},
   archivePrefix={arXiv},
   primaryClass={astro-ph.HE},
}

@article{Antoniadis:2013,
   author={Antoniadis, John and Freire, Paulo C. C. and Wex, Norbert and Tauris, Thomas M. and Lynch, Ryan S. and van Kerkwijk, Marten H. and Kramer, Michael and Bassa, Cees and Dhillon, Vik S. and Driebe, Thomas and Hessels, Jason W. T. and Kaspi, Victoria M. and Kondratiev, Vladislav I. and Langer, Norbert and Marsh, Thomas R. and others},
   title={{A Massive Pulsar in a Compact Relativistic Binary}},
   publisher={American Association for the Advancement of Science},
   journal={Science},
   volume={340},
   year={2013},
   pages={6131},
   doi={10.1126/science.1233232},
   eprint-={1304.6875},
   archivePrefix={arXiv},
   primaryClass={astro-ph.HE},
}

@article{Akmal:1998,
  title = {{Equation of state of nucleon matter and neutron star structure}},
  author = {Akmal, A. and Pandharipande, V. R. and Ravenhall, D. G.},
  journal = {Phys. Rev. C},
  volume = {58},
  issue = {3},
  pages = {1804-1828},
  numpages = {0},
  year = {1998},
  month = {Sep},
  publisher = {American Physical Society},
  doi = {10.1103/PhysRevC.58.1804},
  url = {https://link.aps.org/doi/10.1103/PhysRevC.58.1804}
}

@article{Hebeler:2013,
  author={K. Hebeler and J. M. Lattimer and C. J. Pethick and A. Schwenk},
  title={{Equation of State and Neutron Star Properties Constrained by Nuclear Physics and Observation}},
  journal={ApJ},
  volume={773},
  number={1},
  pages={11},
  url={http://stacks.iop.org/0004-637X/773/i=1/a=11},
  year={2013},
}
