@phdthesis{lynn2013,
  title = {Quantum Monte Carlo Calculations of Light Nuclei with Non-Local Potentials},
  author = {Joel E. Lynn},
  school = {Arizona State University},
  month = {April},
  year = {2013}
}

@phdthesis{zhang2014,
  title = {Spin Orbin Interactions in Nuclear Matter with Auxiliary Field Diffusion Monte Carlo},
  author = {Jie Zhang},
  school = {Arizona State University},
  month = {November},
  year = {2014}
}

@article{carlson1987,
  title = {Green's function Monte Carlo study of light nuclei},
  author = {J. Carlson},
  journal = {Phys. Rev. C},
  year = {1987},
  volume = {36},
  pages = {2026-2033}
}

@article{carlson2014,
  title = {},
  author = {},
  journal = {},
  year = {},
  volume = {},
  pages = {}
}

@article{foulkes2001,
  title = {Quantum Monte Carlo simulations of solids},
  author = {W. M. C. Foulkes and L. Mitas and R. J. Needs and G. Rajagopal},
  journal = {Rev. Mod. Phys.},
  year = {2001},
  volume = {73},
  pages = {33-83}
}

@article{gandolfi2014,
  title = {From the lightest nuclei to the equation of state of symmetric nuclear matter with realistic nuclear interactions},
  author = {S. Gandolfi and A. Lovato and J. Carlson and Kevin E. Schmidt},
  journal = {Phys. Rev. C},
  year = {2014},
  volume = {90}
}

@article{yukawa1935,
  title = {On the Interaction of Elementary Particles. I.},
  author = {Hideki Yukawa},
  journal = {Proceedings of the Physico-Mathematical Society of Japan. 3rd Series},
  year = {1935},
  volume = {17},
  pages={48}
}
