@article{gandolfi2014,
  title = {From the lightest nuclei to the equation of state of symmetric nuclear matter with realistic nuclear interactions},
  author = {S. Gandolfi and A. Lovato and J. Carlson and Kevin E. Schmidt},
  journal = {Phys. Rev. C},
  year = {2014},
  volume = {90}
}
