@article{foulkes2001,
  author = {W. M. C. Foulkes and L. Mitas and R. J. Needs and G. Rajagopal},
  title = {Quantum Monte Carlo simulations of solids},
  journal = {Rev. Mod. Phys.},
  year = {2001},
  volume = {73},
  pages = {33-83}
}

@misc{schmidtTalent2012,
  author = {Kevin Schmidt},
  title = {Computational Many-body Methods for Nuclear Physics},
  howpublished = {\url{http://www.nucleartalent.org}},
  note = {As part of Nuclear Talent course},
  note = {Accessed: 2014-10-30}
}

@article{gandolfi2014,
  author = {S. Gandolfi and A. Lovato and J. Carlson and Kevin E. Schmidt},
  title = {From the lightest nuclei to the equation of state of asymmetric nuclear matter with realistic nuclear interactions},
  journal = {},
  year = {2014},
  volume = {},
  pages = {},
  note= {arXiv:1406.3388v1 [nucl-th]}
}

@article{schmidt1999,
  author = {K.E. Schmidt and S. Fantoni},
  title = {A quantum Monte Carlo method for nucleon systems},
  journal = {Phys. Lett. B},
  year = {1999},
  volume = {446},
  pages = {99-103}
}

@article{carlson1987,
  author = {J. Carlson},
  title = {Green's function Monte Carlo study of light nuclei},
  journal = {Phys. Rev. C},
  year = {1987},
  volume = {36},
  pages = {2026-2033}
}

@article{kosztin1996,
  author = {Ioan Kosztin and Byron Faber and Klaus Schulten},
  title = {Introduction to the Diffusion Monte Carlo Method},
  journal = {Am. J. Phys.},
  year = {1996},
  volume = {64},
  pages = {366}
}

@article{wiringa1984,
  author={R. B. Wiringa and R. A. Smith and T. L. Ainsworth},
  title={Nucleon-nucleon potentials with and without {$\Delta(1232)$} degrees of freedom},
  journal={Phys. Rev. C},
  year={1984},
  volume={29},
  pages={1207}
}

@article{muller1981,
  author={Lothar M\"uller},
  title={Relativistic calculations for two- and three-nucleon systems},
  journal={Nuc. Phys.},
  year={1981},
  volume={A360},
  pages={351-358}
}
