@phdthesis{jarosz2008,
  title = {Efficient Monte Carlo Methods for Light Transport in Scattering Media},
  author = {Wojciech Jarosz},
  school = {UC San Diego},
  month = {September},
  year = {2008}
}

@phdthesis{kent1999,
  title = {Techniques and Applications of Quantum Monte Carlo},
  author = {Paul Richard Charles Kent},
  school = {Robinson College, Cambridge},
  month = {August},
  year = {1999}
}

@article{foulkes2001,
  title = {Quantum Monte Carlo simulations of solids},
  author = {W. M. C. Foulkes and L. Mitas and R. J. Needs and G. Rajagopal},
  journal = {Rev. Mod. Phys.},
  year = {2001},
  volume = {73},
  pages = {33-83}
}
  
